@article{SOV1,
	Author ={Andrew Tobin and Drummond Reed},
	Pages = {1-23},
	Title = {The Inevitable Rise of Self-Sovereign Identity},
	Year = {2017}
}
	
@article{ID1,
	author = {Xiaoyang Zhu and Youakim Badr},
	title = {Identity Management Systems for the Internet of Things: A Survey Towards Blockchain Solutions},
	journaltitle = {Big Data Lab},
	Year = {2018}	
}

@article{ID2,
	author = {Mohammed Amine Bouras and Qinghua Lu and Fan Zhang and Yueliang Wan and Tao Zhang and Huansheng Ning},
	title = {Distributed Ledger Technology for eHealth Identity Privacy: State of The Art and Future Perspective},
	journaltitle = {
	The Commonwealth Scientific and Industrial Research Organisation (CSIRO) Data 61, Eveleigh NSW 2015, Australia},
	Year = {2018}	
}

@article{ID3,
	author = {Jong-Hyouk Lee},
	title = {BIDaaS: Blockchain Based ID As a Service},
	journaltitle = {IEEE},
	Year = {2017}	
}

@article{ID4,
	author = {Jamila Alsayed Kassem and Sarwar Sayeed and Hector Marco-Gisbert and Zeeshan Pervez and Keshav Dahal},
	title = {DNS-IdM: A Blockchain Identity Management System to Secure Personal Data Sharing in a Network},
	journaltitle = {MDPI},
	Year = {2019}	
}

@article{ID5,
	author = {Jean Camp},
	title = {Digital Identity},
	journaltitle = {IEEE Technology and Society Magazine},
	Year = {2004}	
}

@article{ID6,
	author = {Bander Alzahrani},
	title = {An Information-Centric Networking Based Registry for Decentralized Identifiers and Verifiable Credentials},
	journaltitle = {IEEE},
	Year = {2020}	
}

@article{ID7,
	author = {Clemens Brunner and Ulrich Gallersdörfer and Fabian Knirsch and Dominik Engel and Florian Matthes},
	title = {DID and VC:
	Untangling Decentralized Identifiers and Verifiable Credentials
	for the Web of Trust},
	journaltitle = {2020 the 3rd International Conference on Blockchain Technology and Applications (ICBTA 2020)},
	Year = {2020}	
}

@article{ID8,
	author = {Yki Kortesniemi and Dmitrij Lagutin and Tommi Elo and Nikos Fotiou},
	title = {Improving the Privacy of IoT with Decentralised
	Identifiers (DIDs)},
	journaltitle = {Journal of Computer Networks and Communications},
	Year = {2019}	
}

@article{ID9,
	author = {Francisco Martín-Fernández and Pino Caballero-Gil and Cándido Caballero-Gil},
	title = {Authentication Based on Non-Interactive Zero-Knowledge Proofs for the Internet of Things},
	journaltitle = {Security and Privacy in Sensor Networks},
	Year = {2016}	
}

@article{ID10,
	author = {CTRL-SHIFT},
	title = {Economics of Identity},
	Year = {2015}
}

@article{ID11,
	author = {Statista},
	title = {Why Do Shoppers Drop Out of an Online Purchase},
	Year = {2012}
}

@article{ID12,
	author = {Hal Lockhart and Thomas Wisniewski and Prateek Mishra and Nick Ragouzis and John Hughes and Eve Maler},
	title = {Security Assertion Markup Language (SAML) V2.0 Technical Overview},
	Year = {2005}
}

@online{ID13,
	title = {OpenID},
	date = {2023-06-17},
	url = {https://openid.net/},
}

@online{ID14,
	ALTauthor = {Chris Heilmann},
	ALTeditor = {Robert Nyman},
	title = {Introducing BrowserID – easier and safer authentication on the web},
	date = {2011-07-21},
	url = {https://hacks.mozilla.org/2011/07/introducing-browserid-easier-and-safer-authentication-on-the-web/},
	OPTdate = {18},
	OPTmonth = {06},
	OPTyear = {2023}
}

@online{ID15,
	ALTauthor = {Kai Schiller},
	title = {Die Chain Key Technologie: Schlüssel des Internet Computers},
	url = {https://internet-computer.de/wissen/chain-key-technologie-kryptographie/},
	OPTdate = {2023-06-17},
}

@online{ID16,
	title = {Introduction to Self-Sovereign Identity (SSI)},
	date = {2023-06-26},
	url = {https://walt.id/white-paper/self-sovereign-identity-ssi}
}

@article{ID17,
	author = {Georgy Ishmaev},
	title = {Sovereignty, privacy, and ethics in blockchain‑based identity
	management systems},
	date = {2020-11-30},
	journaltitle = {Ethics and Information Technology}
}

@article{ID18,
	title = {Decentralized Identifiers (DIDs) v1.0},
	date = {2023-06-30},
	url = {https://www.w3.org/TR/did-core/}
}

@article{ID19,
	title = {Trade-offs between Distributed Ledger Technology Characteristics},
	author = {NICLAS KANNENGIEßER and SEBASTIAN LINS and TOBIAS DEHLING and ALI SUNYAEV},
	date = {2023-05-1},
	url = {https://www.w3.org/TR/did-core/}
}

@article{ID20,
	author = {Leslie Lamport and Robert Shostak and Marshall Pease},
	title = {The byzantine generals problem},
	journaltitle = {ACM Trans. Program.Lang. Syst. 4, 3 },
	Year = {1982},
	OPTpages = {382–401} 
		
}

@article{ID21,
	author = {Ali Sunyaev},
	title = {Distributed ledger technology. In Internet Computing: Principles of Distributed Systems and Emerg-
	ing Internet-based Technologies},
	Year = {2019},
	OPTpublisher = {Springer},
	OPTpages = {265–292} 
	
}

@article{ID22,
	author = {Du Mingxiao and Ma Xiaofeng and Zhang Zhe and Wang Xiangwei and Chen Qijun},
	title = {A Review on Consensus Algorithm of Blockchain},
	date = {2017-10-5}	
}


@book{ID23,
	author = {Imran Bashir},
	title = {Mastering Blockchain},
	date = {2017-03-01},
	OPTsubtitle = {Deeper insihts into decentralization, cryptography, Bitcoin, and popular Blockchain frameoworks},
	OPTpublisher = {Packt Publishing Ltd.},
	OPTlocation = {Birmingham},
	OPTisbn = {987-1-78712-544-5},
	OPTchapter = {chapter},
	OPTpages = {65-70}
}

@article{ID24,
	author = {Audun Jøsang and John Fabre and Brian Hay and James Dalziel and Simon Pope},
	title = {Trust Requirements in Identity Management},
	date = {2005-01-01},
	OPTpages = {2}
}

@online{ID25,
	title = {Identity Management System Requirements},
	url = {https://ebrary.net/24577/computer_science/identity_management_system_requirements#gads_btm},
	OPTdate = {2023-07-23},
}

@article{ID26,
	title = {Digital Identity Management},
	OPTsubtitle = {Enabling Innovation and Trust in the Internet Economy},
	date = {2011-01-01},
	url = {https://www.oecd.org/sti/ieconomy/49338380.pdf}
}

@article{ID27,
	title = {Luniverse},
	OPTsubtitle = {
	Your Portal to Web3
	Embark on your Web3 journey with the streamlined, scalable, and secure development platform},
	date = {2023-ß8-20},
	url = {https://luniverse.io}
}


	