@article{ID100,
	title = {TESTSTSST},
	OPTsubtitle = {Ethereum roadmap},
	date = {2023-09-24},
	url = {https://ethereum.org/en/roadmap/}
}
