%% LaTeX2e file `literatur_online.bib'
%% generated by the `filecontents' environment
%% from source `bachelorthesis' on 2023/11/04.
%%
 @Book{Knuth:1990,
  author    = {Knuth, Donald E.},
  title     = {The {\TeX}book},
  year      = {1990},
  isbn      = {0-201-13447-0},
  publisher = {Addison\,\textendash\,Wesley},
 }
 
 @Book{Lamport:94,
  author    = {Lamport, Leslie},
  title     = {\LaTeX: A Document Preparation System},
  year      = {1994},
  isbn      = {0-021-52983-1},
  publisher = {Addison\,\textendash\,Wesley},
 }
